================================================================================
                              STATEMENT OF ACCOUNT
================================================================================

                               [LOGO PLACEHOLDER]

                          Marina Turquesa Condominiums
             M20 L12-13 Privada Xel-ha, Puerto Aventuras, QR, 77733

--------------------------------------------------------------------------------
STATEMENT FOR:                          STATEMENT DATE: November 28, 2025
Unit 1B                                 FISCAL YEAR: 2025
Michele Kinnon                          PERIOD: January 1, 2025 - December 31, 2025
michelekinnon67@gmail.com               
--------------------------------------------------------------------------------

ACCOUNT ACTIVITY
================================================================================
Date       | Description              | Charge      | Payment     | Balance
-----------|--------------------------|-------------|-------------|-------------
           | Opening Balance          |             |             |        0.00
2025-01-01 | HOA Dues Month 1         |    4,400.00 |             |    4,400.00
2025-01-08 | Payment - HOA Enero 2025    |             |    5,000.00 |     -600.00
2025-02-01 | HOA Dues Month 2         |    4,400.00 |             |    3,800.00
2025-02-18 | Payment - HOA Febrero 2025    |             |    4,500.00 |     -700.00
2025-03-01 | HOA Dues Month 3         |    4,400.00 |             |    3,700.00
2025-03-11 | Payment - HOA Marzo 2025    |             |    4,500.00 |     -800.00
2025-04-01 | HOA Dues Month 4         |    4,400.00 |             |    3,600.00
2025-04-16 | Payment (2 items)        |             |   10,000.00 |   -6,400.00
2025-05-01 | HOA Dues Month 5         |    4,400.00 |             |   -2,000.00
2025-06-01 | HOA Dues Month 6         |    4,400.00 |             |    2,400.00
2025-06-13 | Payment - HOA Junio 2025    |             |    4,500.00 |   -2,100.00
2025-07-01 | HOA Dues Month 7         |    4,400.00 |             |    2,300.00
2025-07-07 | Payment - HOA Julio 2025    |             |    5,000.00 |   -2,700.00
2025-08-01 | HOA Dues Month 8         |    4,400.00 |             |    1,700.00
2025-08-09 | Payment - HOA Agosto 2025    |             |    5,000.00 |   -3,300.00
2025-09-01 | HOA Dues Month 9         |    4,400.00 |             |    1,100.00
2025-09-09 | Payment - HOA Septiembre 2025, Octubre 2025    |             |    5,000.00 |   -3,900.00
2025-10-01 | HOA Dues Month 10        |    4,400.00 |             |      500.00
2025-11-01 | HOA Dues Month 11        |    4,400.00 |             |    4,900.00
2025-11-05 | Payment                  |             |    4,400.00 |      500.00
           |                          |             |             |
           | --- FUTURE CHARGES ---   |             |             |
2025-12-01 | HOA Dues Month 12        |    4,400.00 |             |    4,900.00
================================================================================

ACCOUNT SUMMARY
--------------------------------------------------------------------------------
Total Charges (Current + Future):                           $    4,900.00 MXN
Total Payments:                                             $   48,400.00 MXN
                                                            ---------------
AMOUNT DUE NOW:                                             $      500.00 MXN
Future Charges (not yet due):                               $    4,400.00 MXN
Credit Balance:                                             $       86.00 MXN
--------------------------------------------------------------------------------

PAYMENT INSTRUCTIONS
================================================================================
Please make payment to:

Bank: BBVA
Account Name: Michael Alan Landesman
CLABE: 012 694 01553632775 6
SWIFT Code: BCMRMXMMPYM
Reference: Unit 1B


================================================================================
                       Thank you for your prompt payment!
================================================================================
Generated: November 28, 2025 at 11:01 AM
