Chronological Transaction List with Running Balance:
═══════════════════════════════════════════════════════════════════════════════
Date       | Description           | Charge      | Payment     | Balance
-----------|-----------------------|-------------|-------------|-------------
           | Opening Balance       |             |             |        0.00
2025-01-01 | HOA Dues Month 1      |    4,400.00 |             |    4,400.00
2025-01-01 | Payment Months 1-5    |             |   25,800.00 |  -21,400.00
2025-01-01 | Payment Month 6       |             |      600.00 |  -22,000.00
2025-02-01 | HOA Dues Month 2      |    4,400.00 |             |  -17,600.00
2025-03-01 | HOA Dues Month 3      |    4,400.00 |             |  -13,200.00
2025-04-01 | HOA Dues Month 4      |    4,400.00 |             |   -8,800.00
2025-05-01 | HOA Dues Month 5      |    4,400.00 |             |   -4,400.00
2025-06-01 | HOA Dues Month 6      |    4,400.00 |             |        0.00
2025-07-01 | HOA Dues Month 7      |    4,400.00 |             |    4,400.00
2025-07-03 | Payment Months 7-9    |             |   13,200.00 |   -8,800.00
2025-08-01 | HOA Dues Month 8      |    4,400.00 |             |   -4,400.00
2025-09-01 | HOA Dues Month 9      |    4,400.00 |             |        0.00
2025-10-01 | HOA Dues Month 10     |    4,400.00 |             |    4,400.00
2025-11-01 | HOA Dues Month 11     |    4,400.00 |             |    8,800.00
2025-11-01 | Payment Month 10      |             |    4,400.00 |    4,400.00
2025-11-08 | Payment Months 11-12  |             |    8,800.00 |   -4,400.00
2025-12-01 | HOA Dues Month 12     |    4,400.00 |             |        0.00

Final Running Balance: $0.00 MXN

Summary:
Total Due: $52,800.00 MXN (calculated: 4,400.00 × 12)
Total Paid: $52,800.00 MXN
Outstanding: $0.00 MXN

Credit Balance: $400.00 MXN
